<?xml version="1.0" encoding="UTF-8"?><record xmlns="http://www.loc.gov/MARC21/slim" xmlns:cinclude="http://apache.org/cocoon/include/1.0" xmlns:zs="http://www.loc.gov/zing/srw/">
  <leader>00522cz  a2200181n  4500</leader>
  <controlfield tag="001">no2004002260</controlfield>
  <controlfield tag="003">DLC</controlfield>
  <controlfield tag="005">20040116053348.0</controlfield>
  <controlfield tag="008">040110n| acaabaaan          |n ana     c</controlfield>
  <datafield tag="010" ind1=" " ind2=" ">
    <subfield code="a">no2004002260</subfield>
  </datafield>
  <datafield tag="035" ind1=" " ind2=" ">
    <subfield code="a">(OCoLC)oca06244211</subfield>
  </datafield>
  <datafield tag="040" ind1=" " ind2=" ">
    <subfield code="a">MiDU</subfield>
    <subfield code="b">eng</subfield>
    <subfield code="c">MiDU</subfield>
  </datafield>
  <datafield tag="130" ind1=" " ind2="0">
    <subfield code="a">New therapeutics bulletin</subfield>
  </datafield>
  <datafield tag="643" ind1=" " ind2=" ">
    <subfield code="a">Washington, D.C.,</subfield>
    <subfield code="b">American Pharmacists Association</subfield>
  </datafield>
  <datafield tag="644" ind1=" " ind2=" ">
    <subfield code="a">f</subfield>
    <subfield code="5">MiDU</subfield>
  </datafield>
  <datafield tag="645" ind1=" " ind2=" ">
    <subfield code="a">t</subfield>
    <subfield code="5">MiDU</subfield>
  </datafield>
  <datafield tag="646" ind1=" " ind2=" ">
    <subfield code="a">s</subfield>
    <subfield code="5">MiDU</subfield>
  </datafield>
  <datafield tag="670" ind1=" " ind2=" ">
    <subfield code="a">Prilosec OTC (omeprazole magnesium), c2003:</subfield>
    <subfield code="b">cover (New therapeutics bulletin)</subfield>
  </datafield>
</record>